2559 3201
1109 117 1428 160 -,9-

213 265 233 271 -
380 230 685 285 παραβαίνειν
696 230 932 300 nauffinna
963 234 1137 288 aliquem
1166 236 1240 278 ire.
1269 231 1577 287 -Παρβεβαώς
1603 233 1745 276 dicitur
1761 233 1899 286 heros,
1929 236 1996 287 qui
2017 235 2131 288 juxta
2153 235 2321 278 alterum

202 300 248 345 ia
273 313 411 343 curra
423 306 539 354 stat,
548 314 634 345 non
660 301 792 346 scium
814 298 1030 356 pugnans,-
1039 315 1130 356 qm
1144 303 1359 358 praecipue
1391 296 1656 355 παραβάτης
1685 309 1856 345 vocatur
1886 301 1957 356 (cf.
1981 301 2322 356 παραβάσκειν).

202 368 276 412 sed
317 371 453 412 etiam
468 372 633 422 auciga,
662 376 704 410 ut
735 369 781 410 11.
817 370 893 421 11,
924 370 1018 412 522
1052 367 1319 421 Κεβριόνης’
1322 367 1486 426 'Enopa
1516 364 1793 421 παρβεβαώς
1810 370 1819 421 ξ
1852 371 1896 412 11.
1932 371 2001 421 13,
2038 371 2125 447 708
2156 373 2321 413 Aiacem

203 436 359 479 Oileum
391 444 432 480 et
462 438 630 482 Aiacem
664 437 943 483 Telamonium
974 435 1269 490 παρβεβαῶτε
1299 434 1509 489 ἀλλήλοιν
1539 437 1737 481 videmus.

218 538 220 542 .
377 503 645 559 περιβαίνειι
675 507 736 546 ire
768 506 917 547 circum
949 504 1224 558 aliquemxvel
1255 518 1329 560 pro
1357 507 1492 558 aliquo
1524 506 1573 546 ad
1605 519 1694 546 eum
1729 509 1836 547 omni
1868 520 1921 546 ex
1946 513 2059 559 parte
2093 506 2320 548 defenden-

200 574 315 623 dum,
359 580 401 617 ut
440 563 609 623 βαίνειν
644 572 741 625 περί
776 574 866 614 sive
907 569 1032 625 ἀμφί
1067 587 1163 624 τινι.
1224 570 1282 614 Ita
1323 573 1465 616 dicitur
1504 572 1687 616 absolute
1730 572 1775 616 11.
1815 575 1844 617 S
1884 573 1965 617 331
2011 570 2096 615 οὐκ
2134 570 2320 626 ἀμέλησε

202 633 486 693 κασιγνήτοιο
525 639 750 690 πεσόντος,
797 635 916 681 ἀλλὰ
955 634 1077 680 θέων
1113 636 1283 694 περίβη,
1326 640 1400 693 13,
1443 642 1540 684 420.
1592 642 1659 693 14,
1691 643 1799 686 42-1ι
1841 654 1930 683 cum
1969 654 2062 692 gen.
2107 642 2151 683 11,
2184 646 2233 694 5,
2266 643 2315 684 21

199 706 435 764 ἀδελφειοῦ
462 707 729 762 κταμένοιο,
759 723 848 751 cum
882 709 960 750 dat.
1023 709 1068 749 ΙΙ.
1105 711 1173 760 17,
1204 710 1262 750 80
1290 700 1556 762 Πατρὸκλῳ,
1588 711 1673 752 313
1699 707 1926 762 Ἱπποθόῳ.

376 776 635 832 προβαίνειν
664 775 831 834 proprie
861 777 1063 831 signifieat
1093 776 1285 833 progredi
1315 776 1360 818 Il.
1400 776 1466 827 10,
1499 776 1582 819 252
1614 774 1759 829 ἄστρα
1790 773 1836 817 δὲ
1868 774 1917 826 δὴ
1932 773 2197 835 προβέβηκε,
2233 781 2255 819 ἰ.
2282 792 2317 820 e.

199 846 345 901 steliae
384 859 477 890 mox
516 845 721 899 occident,
761 846 814 888 cf.
857 841 974 898 μετὰ
1005 841 1044 886 δ’
1075 842 1220 899 ἄστρα
1253 841 1433 897 βεβήκει
1465 844 1537 885 sub
1567 846 1727 896 μεταβ.
1793 846 1897 887 Aliis
1932 846 2031 887 locis
2063 844 2320 900 προβαίνειν

200 911 316 962 τινός
346 930 432 955 τινι
461 915 695 957 translatam
726 913 1061 968 significationem
1094 913 1354 955 antecedendi
1386 915 1477 955 sive
1508 914 1722 969 superandi
1755 915 1927 968 aliquem
1960 916 2089 969 aliqua
2124 929 2168 956 re
2186 915 2317 967 habet,

199 982 436 1035 11.6,125
468 979 581 1023 πολὺ
610 978 895 1036 προβέβηκας
923 974 1135 1021 ἁπάντων
1163 981 1223 1036 σῷ
1252 976 1427 1035 θάρσει,
1459 981 1505 1023 11.
1539 982 1609 1034 23,
1640 983 1738 1024 890.
1774 985 1843 1035 16,
1874 985 1943 1025 54.

374 1049 650 1105 προςβαί-νειν
688 1050 870 1094 absolute
911 1049 1054 1091 dicitur
1084 1048 1130 1091 11.
1163 1052 1213 1100 5,
1256 1050 1341 1092 620
1370 1047 1458 1097 λὰξ
1494 1064 1594 1101 προ,
1582 1045 1706 1101 βᾶς.
1752 1053 1776 1091 ἰ.
1818 1066 1853 1092 e.
1894 1052 2037 1106 pedem
2080 1065 2234 1107 ponens
2277 1054 2315 1093 in

199 1098 314 1161 hoste
345 1121 508 1171 jacente
539 1118 610 1168 (cf.
642 1122 813 1170 νεκροῖς
841 1114 1010 1168 datast).
1074 1114 1173 1159 Cum
1215 1131 1296 1159 acc.
1335 1119 1593 1170 conjunctum
1632 1120 1829 1160 notionem
1873 1120 1992 1162 habet
2021 1120 2236 1162 accedendi
2267 1120 2313 1161 ad

198 1186 452 1243 superiorem
483 1185 615 1226 locum
648 1190 691 1225 ut
722 1181 871 1235 ἀναβ.,
904 1186 955 1225 ita
991 1182 1062 1224 Od
1096 1184 1167 1233 21,
1199 1187 1225 1225 5
1256 1184 1404 1235 προςβ.
1436 1182 1642 1234 κλίμακα
1673 1188 1751 1237 (cui
1782 1189 2023 1227 contrarium
2055 1194 2116 1227 est
2146 1187 2311 1236 καταβ.

197 1254 267 1295 κλ.
301 1253 374 1295 od.
409 1255 456 1306 1,
487 1252 617 1306 330),
659 1253 731 1293 Od.
764 1254 846 1304 21,
877 1253 932 1294 43
965 1248 1123 1299 οὐδόν,
1171 1252 1216 1294 Il.
1249 1255 1297 1304 2,
1328 1253 1386 1295 48
1426 1248 1507 1303 ἡώς
1545 1252 1828 1305 προςεβήσετο
1865 1270 2046 1307 μακρον
2067 1251 2313 1306 ”Ολυμπον,

197 1315 244 1366 Il.⁴
288 1322 367 1374 23,
413 1322 497 1364 117
541 1317 738 1373 κνημοὺς
782 1316 1001 1373 προςὲβαν
1044 1317 1337 1368 πολυπίδακος
1369 1316 1486 1369 Ἴδης,
1527 1318 1599 1359 Od.
1643 1320 1721 1371 14,
1766 1323 1783 1363 1
1827 1323 1877 1360 ἐκ
1917 1320 2090 1372 λιμένος
2130 1319 2314 1374 προςὲβη

196 1393 404 1445 τρηχεῖαν
434 1385 636 1442 α’ταρπὸν
658 1388 811 1444 χῶρον
840 1384 907 1427 α’ν“
939 1383 1126 1437 ὑλήεντα
1156 1384 1201 1427 δι’
1225 1384 1393 1441 ἄκριας.

374 1456 653 1510 ὑπερβαίνειν
682 1459 878 1507 transire,
924 1470 1012 1498 cum
1045 1470 1127 1498 acc.
1166 1458 1421 1510 conjunctum
1457 1454 1528 1496 Od.
1561 1456 1611 1506 S,
1650 1456 1719 1497 80.
1756 1458 1832 1507 16,
1874 1458 1923 1498 41
1968 1454 2122 1507 οὐδόν,
2163 1457 2208 1498 11.
2246 1457 2313 1509 12,

196 1527 296 1578 468,
329 1527 417 1569 469
448 1529 598 1579 τεῖχος.
663 1525 879 1566 Translate
919 1531 959 1566 et
989 1523 1171 1566 absolute
1202 1529 1417 1578 usurpatur
1448 1524 1489 1564 ll.
1523 1524 1563 1574 9,
1597 1524 1677 1565 501
1715 1520 1785 1563 ὅτε
1814 1520 1893 1563 κέν
1924 1539 1984 1571 τι,1
2017 1519 2203 1577 ὑπερβήῃ
2234 1527 2312 1564 καὶ

194 1593 388 1648 ἁμάρτῃ,
417 1593 484 1636 ubi
515 1592 715 1645 significat
745 1595 919 1635 transire
950 1594 1142 1634 terminos
1173 1607 1197 1634 a
1230 1592 1304 1633 deo
1334 1590 1557 1633 hominibus
1590 1593 1838 1633 constitutos.

372 1663 411 1703 A
457 1661 593 1703 radice
633 1661 699 1711 βα
748 1661 986 1702 declinatum
1033 1667 1095 1702 est
1132 1659 1376 1713 adjectivum
1418 1658 1586 1701 verbale
1628 1657 1788 1708 βατός,
1836 1663 1859 1700 i.
1900 1674 1934 1699 e.
1975 1662 2164 1715 pervius,
2208 1661 2310 1713 quod

194 1733 323 1786 ipsum
362 1742 441 1772 non
480 1731 520 1771 in
553 1728 717 1771 Homeri
751 1727 1206 1784 quidem'carminibus,
1253 1727 1323 1769 sed
1363 1727 1468 1783 apud
1501 1728 1748 1782 posteriores
1789 1729 2006 1782 scriptores
2040 1729 2210 1779 legitur3
2260 1742 2312 1769 ex

195 1798 403 1841 vocabulis
435 1804 590 1847 autem,
633 1811 735 1851 quae
766 1797 814 1838 ab
846 1809 895 1838 eo
925 1796 1079 1847 adject.
1123 1797 1303 1837 derivata
1343 1803 1465 1846 sunt,
1503 1795 1607 1850 apud
1640 1795 1857 1836 Homerum
1897 1799 2151 1850 reperiuntur
2183 1797 2308 1838 haec:

370 1859 603 1918 ἄμβατός,
645 1868 758 1943 epica
797 1864 928 1906 forma
968 1877 1043 1919 pro
1080 1860 1324 1914 α’ναβατός.
1395 1863 1452 1905 Ita
1495 1863 1637 1905 dicitur
1678 1864 1811 1914 locus,
1860 1866 1923 1917 qui
1961 1864 2124 1906 ascendi
2163 1871 2311 1919 potest,

192 1934 315 1982 πόλις
344 1933 390 1975 ll.
423 1934 465 1985 6,
498 1932 598 1984 434,
629 1930 818 1986 οὐρανός
851 1931 922 1973 Od.
961 1933 1027 1983 11,
1057 1932 1157 1973 316.

369 1999 674 2052 καταιβατός,
726 2002 883 2059 poetica
932 1999 1062 2042 forma
1114 2012 1188 2055 pro
1232 1999 1425 2051 natast„
1475 1999 1719 2052 adjectivum
1766 2001 1891 2042 semel
1935 2001 2093 2041 lectum.
2171 1999 2312 2052 Θύραι

191 2068 473 2125 ἀνθρώποισι
503 2067 788 2120 καταιβαταί
815 2068 996 2124 (oum,
1033 2068 1130 2122 110)
1161 2074 1252 2110 sunt
1282 2068 1447 2120 valvae,
1479 2080 1552 2123 per
1571 2080 1668 2122 quas
1687 2067 1910 2110 hominihus
1928 2068 2181 2110 descendere
2203 2069 2309 2110 licet.

370 2137 611 2190 πρόβατον.
689 2135 759 2177 Τὰ
804 2132 1016 2190 πρόβατα
1059 2137 1285 2189 significant
1322 2139 1452 2177 omnia
1498 2138 1683 2178 animalia
1717 2137 1999 2191 procedentia,
2056 2137 2204 2177 πάντα
2251 2141 2309 2177 w?

192 2201 453 2261 τετράποδα,
483 2210 525 2247 ut
542 2207 598 2247 ait
626 2204 769 2257 schol.,
793 2206 995 2256 animalia,
1028 2217 1131 2259 quae
1148 2204 1379 2260 procedunt,
1411 2217 1490 2246 non
1514 2205 1668 2255 volant,
1701 2211 1850 2256 natant,
1883 2211 2064 2259 serpunt,
2095 2207 2311 2261 praecipue

193 2281 416 2325 mansueta,
447 2276 568 2326 igitur
598 2274 788 2328 pecudes.
849 2274 896 2315 ΙΙ.
934 2276 1001 2325 14,
1034 2275 1140 2324 124,
1170 2273 1234 2314 ubi
1268 2272 1393 2314 Oenei
1425 2273 1590 2315 divitiae
1621 2280 1922 2324 enumerantur,
1954 2279 2118 2328 praeter
2149 2285 2311 2329 campos

192 2348 250 2386 et.
273 2342 412 2386 hortos
451 2338 594 2384 πολλοὶ
638 2339 849 2395 πρόβατα
881 2347 1176 2387 memorantur.
1238 2340 1387 2382 Eodem
1432 2340 1549 2382 modo
1591 2341 1635 2382 11.
1678 2341 1757 2393 23,
1796 2343 1882 2384 550
1927 2341 2102 2382 Achillis
2150 2342 2312 2383 divitiae

181 2409 449 2452 ὀθιθδηηῒιπ
478 2410 542 2452 his
572 2409 733 2451 verbis:
765 2414 853 2449 ἔστι
887 2425 955 2450 τοι
985 2412 1032 2450 ἐν
1062 2408 1202 2460 κλισίῃ
1226 2406 1393 2461 χρυσὸς
1421 2408 1575 2456 πολύς,
1608 2413 1697 2448 ἔστι
1727 2406 1773 2448 δὲ
1796 2406 1974 2461 χαλκὸς
2003 2410 2084 2448 καὶ
2113 2403 2311 2461 πρόβατ’,

134 2493 158 2511 ’-
182 2479 271 2523 ,εἰσὶ
300 2474 346 2519 δέ
372 2481 447 2520 ϊοι
475 2474 619 2528 δμωαὶ
647 2479 728 2518 καὶ
758 2477 957 2531 μώνυχες
987 2474 1118 2519 ἵπποι.
1168 2475 1421 2530 Πρόβατον
1456 2478 1579 2528 igitur
1609 2475 1714 2532 apud
1747 2475 1963 2518 Homerum
1997 2478 2168 2518 activam
2194 2476 2313 2518 habet

155 2534 161 2538 .
192 2547 409 2598 notionem,
441 2542 724 2598 dafimdeet
753 2545 1036 2597 καταιβατός
1065 2547 1287 2601 passivam,
1319 2545 1393 2587 sed
1423 2544 1528 2600 apud
1547 2547 1797 2600 posteriores
1829 2547 2051 2600 scriptores
2082 2548 2203 2587 etiam
2234 2547 2310 2585 alia

192 2614 452 2670 edievam-a
476 2613 561 2657 rad.
593 2614 658 2664 βα
684 2614 905 2662 declinata,
937 2608 1184 2666 ὑπερβατός
1214 2613 1316 2669 apud
1333 2614 1598 2668 Aeschylum.
1615 2613 1713 2668 (Ag.
1730 2612 1835 2666 416)
1865 2621 1906 2656 et
1936 2610 2187 2664 ἅδιάβατος
2217 2612 2258 2666 (i.
2277 2628 2310 2654 e.

192 2678 218 2724 ὁ
245 2677 311 2736 μὴ
336 2678 584 2736 δυνάμενος
608 2679 799 2731 εὐκόλως
827 2678 1060 2735 διαβῆναι)
1089 2683 1129 2724 in
1160 2681 1381 2726 Anecdotis
1399 2682 1567 2725 Graecis
1584 2681 1761 2725 Bekkeri
1791 2679 1929 2737 (343),
1960 2683 2091 2724 active
2122 2686 2310 2736 usurpata

1843 2751 1863 2784 2

1291 3113 1305 3201 βλ
1288 3053 1293 3065 '
